<record><leader>01134cam a2200313 a 4500</leader><controlfield tag="001">1397050</controlfield><controlfield tag="008">910823s1985    onca         f    0 eng c</controlfield><datafield ind1=" " ind2=" " tag="020"><subfield code="a">066011948X</subfield></datafield><datafield ind1=" " ind2=" " tag="035"><subfield code="a">ocm14196281</subfield></datafield><datafield ind1=" " ind2=" " tag="040"><subfield code="b">eng</subfield></datafield><datafield ind1=" " ind2=" " tag="049"><subfield code="a">AEU</subfield><subfield code="b">eng</subfield></datafield><datafield ind1=" " ind2="3" tag="055"><subfield code="a">TD 887 A8</subfield><subfield code="b">M653 1985</subfield></datafield><datafield ind1="0" ind2=" " tag="090"><subfield code="a">TD 887 A8 M653 1985</subfield></datafield><datafield ind1=" " ind2=" " tag="090"><subfield code="a">TD887 .A8 M653</subfield><subfield code="b">AEGMCT</subfield></datafield><datafield ind1="1" ind2=" " tag="100"><subfield code="a">Millet, Christian.</subfield></datafield><datafield ind1="1" ind2="0" tag="245"><subfield code="a">Techniques for asbestos control in buildings /</subfield><subfield code="c">Christian Millet.</subfield></datafield><datafield ind1=" " ind2=" " tag="260"><subfield code="a">Hamilton, Ont. :</subfield><subfield code="b">Canadian Centre for Occupational Health and Safety,</subfield><subfield code="c">1985.</subfield></datafield><datafield ind1=" " ind2=" " tag="300"><subfield code="a">8 p. :</subfield><subfield code="b">1 chart ;</subfield><subfield code="c">30 cm.</subfield></datafield><datafield ind1=" " ind2=" " tag="336"><subfield code="a">text</subfield><subfield code="b">txt</subfield><subfield code="2">rdacontent</subfield></datafield><datafield ind1=" " ind2=" " tag="337"><subfield code="a">unmediated</subfield><subfield code="b">n</subfield><subfield code="2">rdamedia</subfield></datafield><datafield ind1=" " ind2=" " tag="338"><subfield code="a">volume</subfield><subfield code="b">nc</subfield><subfield code="2">rdacarrier</subfield></datafield><datafield ind1=" " ind2=" " tag="500"><subfield code="a">"P85-2E."</subfield></datafield><datafield ind1=" " ind2=" " tag="504"><subfield code="a">Includes bibliographical references.</subfield></datafield><datafield ind1=" " ind2=" " tag="596"><subfield code="a">48</subfield></datafield><datafield ind1=" " ind2="0" tag="650"><subfield code="a">Asbestos</subfield><subfield code="x">Safety measures.</subfield></datafield><datafield ind1=" " ind2="0" tag="650"><subfield code="a">Insulating materials</subfield><subfield code="x">Safety measures.</subfield></datafield><datafield ind1=" " ind2="0" tag="650"><subfield code="a">Asbestos in building</subfield><subfield code="x">Safety measures.</subfield></datafield><datafield ind1="2" ind2=" " tag="710"><subfield code="a">Canadian Centre for Occupational Health and Safety.</subfield></datafield><datafield ind1=" " ind2=" " tag="926"><subfield code="a">TD 887 A8 M653 1985</subfield><subfield code="w">LC</subfield><subfield code="c">1</subfield><subfield code="i">000037517844</subfield><subfield code="d">4/13/2004</subfield><subfield code="e">3/25/2004</subfield><subfield code="l">ON_SHELF</subfield><subfield code="m">UASCITECH</subfield><subfield code="n">11</subfield><subfield code="p">$150.00</subfield><subfield code="r">Y</subfield><subfield code="s">Y</subfield><subfield code="t">BOOK</subfield><subfield code="u">9/5/1991</subfield></datafield></record>